@misc{memoria,
    author = "Augusto Enrique Salazar Jiménez",
    title = "Funcionamiento de la memoria de un computador",
    year = "2020"
}
@online{vram,
    title = "¿Qué es la VRAM o memoria de vídeo?",
    url = "https://www.pccomponentes.com/vram-memoria-de-video",
    keywords = {gráficos}
}
@online{rendimiento,
    author = "Rubén Velasco",
    title = "¿Qué influye más en la memoria RAM para jugar, la frecuencia o la latencia?",
    url = "https://hardzone.es/reportajes/comparativas/latencia-velocidad-ram-jugar/"
}